<?xml version="1.0" encoding="UTF-8" ?>
<collection xmlns:xsi="http://www.w3.org/2001/XMLSchema-instance"
    xsi:schemaLocation="http://www.loc.gov/MARC21/slim
        http://www.loc.gov/standards/marcxml/schema/MARC21slim.xsd"
    xmlns="http://www.loc.gov/MARC21/slim">
<record>
  <leader>00277cam a2200541 ia4500</leader>
  <controlfield tag="001">b12483321</controlfield>
  <controlfield tag="003">LeBAU</controlfield>
  <controlfield tag="005">20190801</controlfield>
  <controlfield tag="008">970614s1954    ua            0|0 0 ara d</controlfield>
  <datafield tag="035" ind1=" " ind2=" ">
    <subfield code="a">ocn784339833</subfield>
  </datafield>
  <datafield tag="040" ind1=" " ind2=" ">
    <subfield code="a">LEAUB</subfield>
    <subfield code="b">ara</subfield>
    <subfield code="e">rda</subfield>
    <subfield code="c">LEAUB</subfield>
    <subfield code="d">LEAUB</subfield>
  </datafield>
  <datafield tag="082" ind1="0" ind2="4">
    <subfield code="a">340.59</subfield>
    <subfield code="2">23</subfield>
  </datafield>
  <datafield tag="100" ind1="1" ind2=" ">
    <subfield code="6">880-01</subfield>
    <subfield code="a">Shirbīnī, Muḥammad ibn Aḥmad,</subfield>
    <subfield code="d">-1570.</subfield>
    <subfield code="e">author.</subfield>
    <subfield code="0">https://lccn.loc.gov/n82100618 ,</subfield>
  </datafield>
  <datafield tag="245" ind1="1" ind2="0">
    <subfield code="6">880-02</subfield>
    <subfield code="a">al-Iqnāʻ fī ḥall alfāẓ Abī Shujāʻ :</subfield>
    <subfield code="b">wa-huwa sharḥ ʻalá al-mukhtaṣar al-musammá Ghāyat al-ikhtiṣār fī al-fiqh ʻalá madhhab al-Imām al-Shāfiʻī taʼlīf al-ʻallāmah Abī Shujāʻ Aḥmad ibn al-Ḥusayn ibn Aḥmad al-Iṣfahānī al-Shāfiʻī, al-mawlūd fī sanat 533 wa-al-mutawaffá fī sanat 593 min al-Hijrah /</subfield>
    <subfield code="c">taʼlīf Shams al-Dīn Muḥammad ibn Aḥmad al-Shirbīnī al-Qāhirī al-Khaṭīb al-Shāfiʻī, aḥad ʻulamāʼ al-qarn al-ʻāshir al-Hijrī ; bi-taḥqīq Muḥammad Muḥyī al-Dīn ʻAbd al-Ḥamīd.</subfield>
  </datafield>
  <datafield tag="246" ind1="3" ind2="0">
    <subfield code="6">880-03</subfield>
    <subfield code="a">Sharḥ ʻalá al-mukhtaṣar al-musammá Ghāyat al-ikhtiṣār fī al-fiqh ʻalá madhhab al-Imām al-Shāfiʻī</subfield>
  </datafield>
  <datafield tag="246" ind1="3" ind2="0">
    <subfield code="6">880-04</subfield>
    <subfield code="a">Ghāyat al-ikhtiṣār fī al-fiqh ʻalá madhhab al-Imām al-Shāfiʻī</subfield>
  </datafield>
  <datafield tag="250" ind1=" " ind2=" ">
    <subfield code="6">880-04</subfield>
    <subfield code="a">al-Ṭabʻah al-thālithah.</subfield>
  </datafield>
  <datafield tag="264" ind1=" " ind2="1">
    <subfield code="6">880-06</subfield>
    <subfield code="a">Miṣr :</subfield>
    <subfield code="b">Maṭbaʻat Muḥammad ʻAlī Ṣubayḥ wa-Awlāduh,</subfield>
    <subfield code="c">1373 H. = 1954 M.</subfield>
  </datafield>
  <datafield tag="300" ind1=" " ind2=" ">
    <subfield code="6">880-07</subfield>
    <subfield code="a">3 volumes ;</subfield>
    <subfield code="c">21 cm</subfield>
  </datafield>
  <datafield tag="336" ind1=" " ind2=" ">
    <subfield code="a">text</subfield>
    <subfield code="b">txt</subfield>
    <subfield code="2">rdacontent</subfield>
  </datafield>
  <datafield tag="337" ind1=" " ind2=" ">
    <subfield code="a">unmediated</subfield>
    <subfield code="b">n</subfield>
    <subfield code="2">rdamedia</subfield>
  </datafield>
  <datafield tag="338" ind1=" " ind2=" ">
    <subfield code="a">volume</subfield>
    <subfield code="b">nc</subfield>
    <subfield code="2">rdacarrier</subfield>
  </datafield>
  <datafield tag="500" ind1=" " ind2=" ">
    <subfield code="a">5 اجزاء ببلوغرافية في 3 اجزاء مادية.</subfield>
  </datafield>
  <datafield tag="505" ind1="0" ind2=" ">
    <subfield code="a">الجزء الأول.  وهو يشتمل على مقرر السنة الأولى الثانوية من الجامع الأزهر والمعاهد الدينية -- الجزء الثاني. وهو يشتمل على مقرر السنة الثانية الثانوية من الجامع الأزهر والمعاهد الدينية -- الجزء الثالث. وهو يشتمل على مقرر السنة الثالثة الثانوية من الجامع الأزهر والمعاهد الدينية -- الجزء الخامس. ويشتمل على مقرر السنة الخامسة الثانوية من الجامع الأزهر والمعاهد الدينية.</subfield>
  </datafield>
  <datafield tag="590" ind1=" " ind2=" ">
    <subfield code="a">في المكتبة: الاجزاء 1-3، 5 (الطبعة الثالثة. مطبعة محمد علي صبيح وأولاده)، الجزء الرابع (الطبعة الاولى. محمود توفيق صاحب مكتبة الحسين التجارية)</subfield>
  </datafield>
  <datafield tag="600" ind1="1" ind2="4">
    <subfield code="a">ابو شجاع الاصفهاني، أحمد بن الحسين،</subfield>
    <subfield code="d">حوالي 1042-</subfield>
    <subfield code="t">المختصر في الفقه على مذهب الشافعي.</subfield>
  </datafield>
  <datafield tag="600" ind1="1" ind2="0">
    <subfield code="a">Abū Shujāʻ al-Iṣfahānī, Aḥmad ibn al-Ḥusayn,</subfield>
    <subfield code="d">approximately 1042-</subfield>
    <subfield code="t">Mukhtaṣar fī al-fiqh ʻalá madhhab al-Shāfiʻī.</subfield>
  </datafield>
  <datafield tag="650" ind1=" " ind2="4">
    <subfield code="a">الفقه الاسلامي</subfield>
    <subfield code="v">اعمال قديمة حتى 1800.</subfield>
  </datafield>
  <datafield tag="650" ind1=" " ind2="4">
    <subfield code="a">المذهب الشافعي</subfield>
    <subfield code="v">اعمال قديمة حتى 1800.</subfield>
  </datafield>
  <datafield tag="650" ind1=" " ind2="0">
    <subfield code="a">Islamic law</subfield>
    <subfield code="v">Early works to 1800.</subfield>
  </datafield>
  <datafield tag="650" ind1=" " ind2="0">
    <subfield code="a">Shafiites</subfield>
    <subfield code="v">Early works to 1800.</subfield>
  </datafield>
  <datafield tag="700" ind1="1" ind2=" ">
    <subfield code="6">880-08</subfield>
    <subfield code="a">ʻAbd al-Ḥamīd, Muḥammad Muḥyī al-Dīn.</subfield>
    <subfield code="e">annotator.</subfield>
    <subfield code="0">https://lccn.loc.gov/n81065895 ,</subfield>
  </datafield>
  <datafield tag="775" ind1="0" ind2="8">
    <subfield code="6">880-09</subfield>
    <subfield code="i">has designation of edition</subfield>
    <subfield code="4">http://rdaregistry.info/Elements/m/P30133 :</subfield>
    <subfield code="a">Shirbīnī, Muḥammad ibn Aḥmad, -1570.</subfield>
    <subfield code="t">Iqnāʻ fī ḥall alfāẓ Abī Shujāʻ : wa-huwa sharḥ ʻalá al-mukhtaṣar al-musammá Ghāyat al-ikhtiṣār fī al-fiqh ʻalá madhhab al-Imām al-Shāfiʻī taʼlīf al-ʻallāmah Abī Shujāʻ Aḥmad ibn al-Ḥusayn ibn Aḥmad al-Iṣfahānī al-Shāfiʻī, al-mawlūd fī sanat 533 wa-al-mutawaffá fī sanat 593 min al-Hijrah.</subfield>
    <subfield code="b">al-Ṭabʻah al-ūlá.</subfield>
    <subfield code="d">Miṣr : Maḥmūd Tawfīq, 1369 H. = 1949 M.</subfield>
    <subfield code="w">(LEAUB)b23656347</subfield>
  </datafield>
  <datafield tag="852" ind1=" " ind2=" ">
    <subfield code="a">Jafet Library</subfield>
    <subfield code="e">American University of Beirut, Bliss Street, Beirut, Lebanon.‎</subfield>
  </datafield>
  <datafield tag="880" ind1="1" ind2=" ">
    <subfield code="6">100-01/(3/r</subfield>
    <subfield code="a">الشربيني، محمد بن أحمد،</subfield>
    <subfield code="d">-1570،</subfield>
    <subfield code="0">https://lccn.loc.gov/n82100618 ,</subfield>
    <subfield code="e">مؤلف. </subfield>
    <subfield code="4">aut.</subfield>
  </datafield>
  <datafield tag="880" ind1="1" ind2="3">
    <subfield code="6">245-02/(3/r</subfield>
    <subfield code="a">الإقناع في حل ألفاظ أبي شجاع :</subfield>
    <subfield code="b">وهو شرح على المختصر المسمى غاية الإختصار في الفقه على مذهب الإمام الشافعي تأليف العلامة أبي شجاع أحمد بن الحسين بن أحمد الأصفهاني الشافعي، المولود في سنة 533 والمتوفى في سنة 593 من الهجرة /</subfield>
    <subfield code="c">تأليف شمس الدين محمد بن أحمد الشربيني القاهري الخطيب الشافعي، أحد علماء القرن العاشر الهجري ؛ بتحقيق محمد محيي الدين عبد الحميد.</subfield>
  </datafield>
  <datafield tag="880" ind1="3" ind2="0">
    <subfield code="6">246-03/(3/r</subfield>
    <subfield code="a">شرح على المختصر المسمى غاية الاختصار في الفقه على مذهب الامام الشافعي</subfield>
  </datafield>
  <datafield tag="880" ind1="3" ind2="0">
    <subfield code="6">246-04/(3/r</subfield>
    <subfield code="a">غاية الاختصار في الفقه على مذهب الامام الشافعي</subfield>
  </datafield>
  <datafield tag="880" ind1=" " ind2=" ">
    <subfield code="6">250-05/(3/r</subfield>
    <subfield code="a">الطبعة الثالثة.</subfield>
  </datafield>
  <datafield tag="880" ind1=" " ind2="1">
    <subfield code="6">264-06/(3/r</subfield>
    <subfield code="a">مصر :</subfield>
    <subfield code="b">مطبعة محمد علي صبيح وأولاده،</subfield>
    <subfield code="c">1373 هـ. = 1954 م.</subfield>
  </datafield>
  <datafield tag="880" ind1="0" ind2="8">
    <subfield code="6">775-09/(3/r</subfield>
    <subfield code="i">دلالة على الطبعة</subfield>
    <subfield code="4">http://rdaregistry.info/Elements/m/P30133 :</subfield>
    <subfield code="a">الشربيني، محمد بن أحمد، -1570.</subfield>
    <subfield code="t">الإقناع في حل ألفاظ أبي شجاع : وهو شرح على المختصر المسمى غاية الإختصار في الفقه على مذهب الإمام الشافعي تأليف العلامة أبي شجاع أحمد بن الحسين بن أحمد الأصفهاني الشافعي المولود في سنة 533 والمتوفى في سنة 593 من الهجرة.</subfield>
    <subfield code="b">الطبعة الاولى.</subfield>
    <subfield code="d">مصر : محمود توفيق، 1369 هـ. = 1949 م.</subfield>
    <subfield code="w">(LEAUB)b23656347</subfield>
  </datafield>
  <datafield tag="880" ind1=" " ind2=" ">
    <subfield code="6">300-07/(3/r</subfield>
    <subfield code="a">3 اجزاء ؛</subfield>
    <subfield code="c">21 سم</subfield>
  </datafield>
  <datafield tag="880" ind1="1" ind2=" ">
    <subfield code="6">700-08/(3/r</subfield>
    <subfield code="a">عبد الحميد، محمد محي الدين،</subfield>
    <subfield code="0">https://lccn.loc.gov/n81065895 ,</subfield>
    <subfield code="e">محقق. </subfield>
    <subfield code="4">ann.</subfield>
  </datafield>
  <datafield tag="907" ind1=" " ind2=" ">
    <subfield code="a">.b12483321</subfield>
    <subfield code="b">19-08-20</subfield>
    <subfield code="c">11-05-24</subfield>
  </datafield>
  <datafield tag="907" ind1=" " ind2=" ">
    <subfield code="a">.b12483321</subfield>
    <subfield code="b">11-10-11</subfield>
    <subfield code="c">11-05-24</subfield>
  </datafield>
  <datafield tag="945" ind1=" " ind2=" ">
    <subfield code="f">J</subfield>
    <subfield code="a">340.59:S558i3A:v.1-3</subfield>
    <subfield code="i">01026867</subfield>
    <subfield code="j">.i12972514</subfield>
    <subfield code="l">u0503</subfield>
  </datafield>
  <datafield tag="945" ind1=" " ind2=" ">
    <subfield code="f">J</subfield>
    <subfield code="a">340.59:S558i3A:v.5</subfield>
    <subfield code="i">01026869</subfield>
    <subfield code="j">.i12972538</subfield>
    <subfield code="l">u0503</subfield>
  </datafield>
  <datafield tag="998" ind1=" " ind2=" ">
    <subfield code="a">u05</subfield>
    <subfield code="b">97-06-14</subfield>
    <subfield code="c">m</subfield>
    <subfield code="d">a  </subfield>
    <subfield code="e">-</subfield>
    <subfield code="f">ara</subfield>
    <subfield code="g">ua </subfield>
    <subfield code="h">0</subfield>
    <subfield code="i">3</subfield>
  </datafield>
</record>
</collection>
